@book{AnSmWi:09,
    author = {Anthony D., Smith S., Williamson T.},
    title = {Reputation and reliability in collective goods: The case of the online encyclopedia wikipedia.},
    year = {2009},
    publisher = {Rationality \& Society 21},
    pages = {283 -- 306}
}

@book{KimMol:93,
    author = {Kim J., Moldovan D.},
    title = {Acquisition of semantic patterns for information extraction from corpora.},
    year = {1993},
    publisher = {Proceedings of Ninth IEEE Conference on Artificial Intelligence for Applications},
    pages = {171 -- 176}
}

@book{BanCafSodBroEtz:07,
    author = { Banko M., Cafarella M. J., Soderland S., Broadhead S. y Etzioni O.},
    title = { Open information extraction from the Web.},
    year = {2007},
    publisher = {In the Proceedings of the 20th International Joint Conference on Artiﬁcial Intelligence},
    pages = {2670 -- 2676}
}

@book{BoWa:01,
author = {Bo Leuf and Ward Cunningham},
title= {The Wiki way: quick collaboration on the Web},
year = {2001},
publisher = {Addison-Wesley},
}

@book{ReChSh:07,
    author = {Reid Priedhorsky, Jilin Chen, Shyong Lam, Katherine Panciera, Loren Terveen, and John Riedl},
    title = {Creating, destroying, and restoring value in Wikipedia},
    booktitle = {Proceedings of the 2007 international ACM conference on supporting group work (GROUP'07)},
    year = {2007},
    pages = {259--268},
    publisher = { ACM. ISBN 978-1-59593-845-9. doi: 10.1145/1316624.1316663}
}

@book{InDuRoSe:12,
    author = {Myshkin Ingawale, Amitava Dutta, Rahul Roy, Priya Seetharaman},
    title = {Network analysis of user generated content quality in Wikipedia},
    year = {2012}
}

@book{EtBaSoWe:12,
    author = {Etzioni, O., Banko, M., Soderland, S., Weld, D.},
    title = {Open information extraction from the web},
    year = {2012}
    publisher = {Communications of the ACM 51(12) (2008) 68-74}
}

@book{WuWe:10,
    author = {Fei Wu, Daniel S. Weld},
    title = {Open Information Extraction using Wikipedia},
    year = {2010}
}

@book{OfIgMr:12,
    author = {Oliver Ferschke, Iryna Gurevych, and Marc Rittberger},
    title = {FlawFinder: A Modular System for Predicting Quality Flaws in Wikipedia},
    year = {2012}
}

@book{AndSteBu:12,
    author = { M. Anderka, B. Stein, and M. Busse },
    title = { On the Evolution of Quality Flaws and the Effectiveness of Cleanup Tags in the English Wikipedia },
    year = {2012}
}

@book{AndSte:10,
    author = { M. Anderka and B. Stein },
    title = { A Breakdown of Quality Flaws in Wikipedia},
    year = {2010},
   pages = {11 -18}
}

@book{Cappc:04,
    author = { Cappiello, C. },
    title = {Data quality assessment from the user's perspective.},
    publisher = {Proc. IQIS2004},
    pages ={68--73},
    year = {2004}
}

@book{Amir:03,
    author = { Amirijoo, M. },
    title = {Specification and Management of QoS in Imprecise Real-Time Databases.},
    publisher = {Proceeding of the Seventh International Database Engineering and Applications Symposium},
    pages ={192--201},
    year = {2003}
}

@book{PerbScam:02,
    author = { Pernici, B. y Scannapieco, M. },
    title = {Data Quality in Web Information Systems.},
    publisher = {Proceeding of the 21st International Conference on Conceptual Modeling},
    pages ={397--413},
    year = {2002}
}

@book{StTwSmGa:08,
    author = {B. Stvilia, M. Twidale, L. C. Smith, and L. Gasser.},
    title = {  Information quality work organization in wikipedia.},
    year = {2008}
}

@book{WaFa:94,
    author = {Wasserman, S. and Faust, K.},
    title = { Social Network Analysis: Methods and Applications},
    year = {1994},
    publisher = { Cambridge University Press, New York, NY.}
}

@book{MaWa:10,
    author = {Magdy, A., Wanas, N.},
    title = { Web-based statistical fact checking of textual documents.},
    year = {2010},
    publisher = { In: Proceedings of the 2nd international workshop on Search and mining user-generated contents. SMUC '10, New York, NY, USA, ACM (2010) 103-110}
}

@book{JuGrLe:09,
    author = {Juffinger, A., Granitzer, M., Lex, E.},
    title = { Blog credibility ranking by exploiting verified content},
    year = {2009},
    publisher = { In: Proceedings of the Workshop on Information Credibility on the Web (WICOW) in conjunction with WWW'2009, New York, NY, USA, ACM (2009) 51-58}
}

@book{StaRD:00,
    author = {Stacey, R.D.},
    title = { The emergence of knowledge in organizations”, Emergence: Complexity and Organization},
    year = {2000},
    publisher = {Vol. 2 No. 4},
    pages = {23--39}
}

@book{Fel:98,
    author = {Fellbaum, C., ed.},
    title = { WordNet: an electronic lexical database },
    year = {1998},
    publisher = {MIT Press}
}

@book{MaCcIcMp:05,
    author = {M. Angélica Caro, Coral Calero, Ismael Caballero, Mario Piattini},
    title = { Data Quality in Web Applications: A State of the Art},
    year = {2005}
}

@book{LeeY:02,
    author = {Lee, Y.},
    title = { AIMQ: a methodology for information quality assessment. Information and Management. },
    year = {2002},
    publisher = { Elsevier Science },
    pages = { 133--146 }
}

@book{FincAikp:99,
    author = {Finkelstein, C. y Aiken, P.},
    title = { XML and Corporate Portals },
    publisher = { http://www.wilshireconferences.com/xml/paper/xml-portals.htm }

@book{MaPiMo:11,
    author = {Maria Pinto Molina},
    title = { Calidad y evaluacion de los contenidos electrónicos },
    publisher = { http://www.mariapinto.es/e-coms/eva\_con\_elec.htm }
}

@book{FugM:02,
    author = { Fugini, M. },
    title = { Data Quality in Cooperative Web Information Systems },
    year = {2002}
}

@book{ Bouze:01,
    author = { Bouzeghoub, M. y Kedad, Z. },
    title = { Quality in Data Warehousing. Information and Database Quality },
    publisher = { M. Piattini, C. Calero y M. Genero, Kluwer Academic Publishers },
    year = {2001}
}

@book{ AngpMacl:04,
    author = { Angeles, P. and MacKinnon, L. },
    title = { Detection and Resolution of Data Inconsistences, and Data Integration using Data Quality Criteria. },
    publisher = { QUATIC'2004 },
    pages = {87--93},
    year = {2004}
}

@book{ BoumPerv:04,
    author = { Bouzeghoub, M. and Peralta, V. },
    title = { A Framework for Analysis of data Freshness. },
    publisher = { Proc. IQIS2004 },
    pages = {59--67},
    year = {2004}
}

@book{ Harrr:97,
    author = { Harris R. },
    title = { Evaluating Internet Research Sources. },
    publisher = { http://www.sccu.edu/faculty/R\_Harris/evalu8it.htm },
    year = {1997}
}

@book{ Germ:04,
    author = {Gertz, M. },
    title = { Report on the Dagstuhl Seminar "Data Quality on the Web". },
    publisher = { SIGMOD Record, vol. 33, Nº 1},
    pages = {127--132},
    year = {2004}
}

@book{ ZhuBu:02,
    author = { Zhu, Y. y Buchmann, A. },
    title = { Evaluating and Selecting Web Sources as external Information Resources of a Data Warehouse },
    pages = {149--160}
}

@book{ LimChi:00,
    author = { Lim, O. y Chin, K. },
    title = { An Investigaction of Factors Associated With Customer Satisfaction In Australian Internet Bookshop Websites },
    year = {2000},
    publisher = {3rd Western Australian Workshop on Information Systems Research, Autralia.}
}

@book{ HaiKor:03,
    author = { Haider, A. y Koronios, A. },
    title = { Authenticity of Information in Cyberspace: IQ in the Internet, Web, and e-Business. },
    year = {2003},
    pages = {121--132}
}

@book{ EppMue:02,
    author = { Eppler, M. y Muenzenmayer, P. },
    title = {  Measuring Information Quality in the Web Context: A Survey of State-of-the-Art Instruments and an Aplication Methodology. },
    year={2002},
    pages = {187--196}
}

@book{ KatSia:99,
    author = { Katerattanakul, P. y Siau, K. },
    title = {  Measuring Information Quality of Web Sites: Development of an Instrument. },
    publisher={Proceeding of the 20th International Conference on Information System.},
    year={1999},
    pages = {279--285}
}

@book{ MarC:02,
    author = {Marchetti, C.},
    title = { Enabling Data Quality Notification in Cooperative Information Systems through a Web-service based Architecture },
    year = {2003},
    pages = { 329--332 }
}

@book{StroD:97,
    author = {Strong, D.},
    title = { Data Quality in Context },
    year = {1997},
    publisher = {Communications of the ACM. Vol. 40. Nº 5. },
    pages = {103--110}
}

@book{CappC:02,
    author = {Cappiello, C},
    title = { A Model of Data Currency in Multi-Channel Financial Architectures },
    year = {2002},
    pages = {106--118}
}

@book{StKaWe:07,
    author = {Suchanek, F.M., Kasneci, G., Weikum, G.},
    title = { Yago: A core of semantic knowledge. },
    year = {2007},
    publisher = {In: Proceedings of the 16th International Conference on World Wide Web. WWW '07, New York, NY, USA, ACM (2007) 697-706}
}

@book{KakSor:02,
    author = {Kakihara, M. and Sørensen, C.},
    title = { Exploring knowledge emergence: from chaos to organizational knowledge},
    year = {2002},
    publisher = {Journal of Global Information Technology Management, Vol. 5 No. 3},
    pages = {48--66}
}

@book{LeVoErFeCaHoGrr:12,
    author = {Lex, E., Völske, M., Errecalde, M., Ferretti, E., Cagnina, L., Horn, C., Stein, B., Granitzer, M.},
    title = { Measuring the quality of web content using factual information},
    year = {2012},
    publisher = { In 2nd joint WICOW/AIRWeb workshop on Web quality (WebQuality'12). ACM.}
}

@book{LiRa:11,
    author = {Liu J., Ram S.},
    title = { Who does what: Collaboration patterns in the wikipedia and their impact on article quality },
    year = {2011},
    publisher = {ACM Transactions on Management Information Systems 2}
}

@book{WiHu:07,
    author = {Wilkinson  D., Huberman B.},
    title = { Cooperation and quality in Wikipedia },
    year = {2007},
    publisher = {In 3rd international symposium on wikis and open collaboration}
}

@book{DavGf:03,
    author = {Davis, G.F., Yoo, M. and Baker, W.E.},
    title = { The small world of the American corporate elite 1982-2001},
    year = {2003},
    publisher = {Strategic Organization, Vol. 1 No. 3},
    pages = {301 -- 326}
}

@book{UzSp:05,
    author = {Uzzi, B. and Spiro, J.},
    title = { Collaboration and creativity: the small world problem},
    year = {2005},
    publisher = {American Journal of Sociology, Vol. 111 No. 2},
    pages = {447 -- 504}
}

@book{AnLih:04,
    author = {Andrew Lih},
    title = { Wikipedia as Participatory Journalism: Reliable Sources? Metrics for evaluating collaborative media as a news resource},
    year = {2004},
    publisher = {Journalism and Media Studies Centre University of Hong Kong}
}

@book{ViWaKr:04,
    author = {Fernanda B. Viégas, Martin Wattenberg, and Kushal Dave},
    title = {Studying cooperation and conflict between authors with history flow visualizations},
    booktitle = {Proceedings of the SIGCHI conference on human factors in computing systems (CHI'04)},
    year = {2004},
    pages = {575--582},
    publisher = { ACM. ISBN 1-58113-702-8. doi: 10.1145/985692.985765}
}


@book{ViWa:07,
    author = {Fernanda B. Viégas, Martin Wattenberg, Jesse Kriss, and Frank van Ham},
    title = {Talk Before You Type: Coordination in Wikipedia.},
    booktitle = {Proceedings of the 40th annual Hawaii international conference on system sciences (HICSS'07). IEEE Computer Society},
    year = {2007},
    publisher = {ISBN 0-7695-2755-8. doi:10.1109/HICSS.2007.511.}
}

@book{MaAn:13,
author = {Maik Anderka},
title= {{Analyzing and Predicting Quality Flaws in User-generated Content: The Case of Wikipedia}},
year = {2013}
}

@book{JoWi:98,
    author = {Johnson, R., Wichern, D.},
    title = {Applied multivariate statistical analysis (4th ed.).},
    year = {1998},
    publisher = {Upper Saddle River, NJ: Prentice-Hall.}
}

@book{JoBl:08,
    author = {Joshua E. Blumenstock},
    title = {Size matters: word count as a measure of quality on Wikipedia.},
    booktitle = {Proceedings of the 17th international conference on World Wide Web (WWW'08)},
    year = {2008},
    pages = {1095--1096},
    publisher = {ACM. ISBN 978-1-60558-085-2. doi: 10.1145/1367497.1367673}
}

@book{HaGoCrCal:09,
    author = {Daniel Hasan Dalip, Marcos André Gonçalves, Marco Cristo, and Pável Calado},
    title = {Automatic quality assessment of content created collaboratively by Web communities: a case study of Wikipedia},
    booktitle = {Proceedings of the 9th ACM/IEEE-CS joint conference on digital libraries (JCDL'09)},
    year = {2009},
    pages = {295--304},
    publisher = {ACM. ISBN 978-1-60558-322-8. doi: 10.1145/1555400.1555449.}
}

@book{JiWaFuCh:11,
    author = {Jingyu Han, Chuandong Wang, Xiong Fu, and Kejia Chen},
    title = {Probabilistic quality assessment of articles based on learning editing patterns},
    booktitle = {Proceedings of the international conference on computer science and service system (CSSS'11)},
    year = {2011},
    pages = {564--570},
    publisher = {ISBN 978-1-4244-9762-1. doi: 10.1109/CSSS.2011.5973947.}
}

@book{MeLiSuLaVu:07,
    author = {Meiqun Hu, Ee-Peng Lim, Aixin Sun, Hady Wirawan Lauw, and Ba-Quy Vuong},
    title = {Measuring article quality in Wikipedia: models and evaluation.},
    booktitle = {Proceedings of the 16th ACM international conference on information and knowledge management (CIKM'07)},
    year = {2007},
    pages = {243--252},
    publisher = { ACM. ISBN 978-1-59593-803-9. doi: 10.1145/1321440.1321476.}
}

@book{AnLih:04,
    author = {Andrew Lih},
    title = {Wikipedia as participatory journalism: reliable sources? Metrics for evaluating collaborative media as a news resource.},
    booktitle = {Proceedings of the 5th international symposium on online journalism},
    year = {2004},
    pages = {16--17},
    publisher = {URL http://jmsc.hku.hk/faculty/alih/publications/utaustin-2004-wikipedia-rc2.pdf.}
}

@book{AnStOr:11,
    author = {Anthony Fader, Stephen Soderland, and Oren Etzioni},
    title = {Identifying Relations for Open Information Extraction},
    year = {2010}
}


@book{LiStei:10,
    author = {Nedim Lipka and Benno Stein},
    title = {Identifying featured articles in Wikipedia:writing style matters.},
    booktitle = {Proceedings of the 19th international conference on World Wide Web (WWW'10)},
    year = {2010},
    pages = {1147--1148},
    publisher = {ACM. ISBN 978-1-60558-799-8. doi: 10.1145/1772690.1772847.}
}

@book{RasPinMin:07,
    author = {Laura Rassbach, Trevor Pincock, and Brian Mingus},
    title = {Exploring the feasibility of automatically rating online article quality.},
    booktitle = {In Wikimania 2007},
    year = {2007},
    publisher = {URL http://upload.wikimedia.org/wikipedia/wikimania2007/d/ \\
			d3/RassbachPincockMingus07.pdf.}
}

@book{StvTwSmGa:05,
    author = {Besiki Stvilia, Michael B. Twidale, Linda C. Smith, and Les Gasser},
    title = {Assessing information quality of a community-based encyclopedia.},
    booktitle = {Proceedings of the 10th international conference on information quality (ICIQ'05)},
    year = {2005},
    pages = {442--454},
    publisher = { MIT}
}


@book{WikHub:07,
    author = {Dennis M. Wilkinson and Bernardo A. Huberman},
    title = {Cooperation and quality in Wikipedia.},
    booktitle = {Proceedings of the 3th international symposium on wikis and open collaboration (WikiSym'07)},
    year = {2007},
    pages = {157--164},
    publisher = {ACM. ISBN 978-1-59593-861-9. doi: 10.1145/1296951.1296968.}
}

@book{SuCoChPi:09,
    author = {Bongwon Suh, Gregorio Convertino, Ed H. Chi, and Peter Pirolli},
    title = {The singularity is not near: slowing growth of Wikipedia},
    booktitle = {Proceedings of the 5th international symposium on wikis and open collaboration (WikiSym'09)},
    year = {2009},
    pages = {1--10},
    publisher = {ACM. ISBN 978-1-60558-730-1. doi: 10.1145/1641309. 1641322.}
}

@book{BrJoPi:08,
    author = {Brian Butler, Elisabeth Joyce, and Jacqueline Pike},
    title = {Don't look now, but we've created a bureaucracy: the nature and roles of policies and rules in Wikipedia},
    booktitle = {Proceeding of the 26th annual SIGCHI conference on human factors in computing systems (CHI'08)},
    year = {2008},
    pages = {1101--1110},
    publisher = { ACM. ISBN 978-1-60558-011-1. doi: 10.1145/1357054.1357227.}
}

@book{AndBru:08,
    author = {Andrea Forte and Amy Bruckman},
    title = {Scaling consensus: increasing decentralization in Wikipedia governance},
    booktitle = {Proceedings of the 41st annual Hawaii international conference on system sciences (HICSS'08)},
    year = {2008},
    pages = {157},
    publisher = {IEEE Computer Society. ISBN 0-7695-3075-8. doi: 10.1109/HICSS.}
}

@book{KiSuPeCh:07,
    author = {Aniket Kittur, Bongwon Suh, Bryan A. Pendleton, and Ed H. Chi.},
    title = { He says, she says: conflict and coordination in Wikipedia.},
    booktitle = {Proceedings of the 25th SIGCHI international conference on human factors in computing systems (CHI'07)},
    year = {2007},
    pages = {453--462},
    publisher = {ACM, 2007. ISBN 978-1-59593-593-9. doi: 10.1145/1240624.1240698.}
}

@book{KrBesMcd:08,
    author = {Travis Kriplean, Ivan Beschastnikh, and David W. McDonald.},
    title = { Articulations of wikiwork: uncovering valued work in Wikipedia through barnstars.},
    booktitle = {Proceedings of the 2008 ACM conference on computer supported cooperative work (CSCW'08)},
    year = {2008},
    pages = {47--56},
    publisher = {ACM, 2008. ISBN 978-1-60558-007-4. doi: 10.1145/1460563.1460573.}
}

@book{HalLac:08,
	author = {Alexander Halavais and Derek Lackaff},
	title= {{An analysis of topical coverage of Wikipedia.}},
	year = {2008},
	publisher = {Journal of computer-mediated communication, 13(2):429–440, 2008. ISSN 1083-6101. doi: 10.1111/j.1083-6101.2008.00403.},
}

@book{Wiki:15,
    author = { Wikipedia },
    title = {  http://en.wikipedia.org/wiki/Wikipedia: \\
	Verifiability,\_not\_truth }
}

@book{CrawH:01,
    author = { Crawford, H. },
    title = {  Encyclopedias. },
    booktitle = {Reference and information services: An introduction},
    year = {2001},
    publisher = {3ra Edición. Englewood, CO: Libraries Unlimited. }
}

@book{GasStv:01,
    author = { Gasser, L., & Stvilia, B. },
    title = {  A new framework for information quality },
    year = {2001},
    publisher = {Champaign: University of Illinois at Urbana-Champaign. }
}

@book{JurJ:92,
    author = {Juran, J. },
    title = {Juran on quality by design. },
    booktitle = {New York: The Free Press},
    year = {1992}
}

@book{KitChiSuh:09,
    author = {Aniket Kittur, Ed H. Chi, and Bongwon Suh.},
    title = {What's in Wikipedia?: mapping topics and conflict using socially annotated category structure.},
    booktitle = {Proceedings of the 27th SIGCHI international conference on human factors in computing systems (CHI'09)},
    year = {2009},
    pages = {1509--1512},
    publisher = {ACM.ISBN 978-1-60558-246-7. doi: 10.1145/1518701.1518930.}
}

@book{RoyKap:09,
	author = {Cindy Royal and Deepina Kapila},
	title= {What's on Wikipedia, and what's not ...?},
	year = {2009},
	publisher = {Social Science Computer Review, 27(1):138–148, 2009. ISSN 0894-4393. doi: 10.1177/0894439308321890.},
}

@book{WanStr:96,
	author = {Richard Y. Wang and Diane M. Strong},
	title= {{Beyond accuracy: what data quality means to data consumers.}},
	year = {1996},
	publisher = {Journal of management information systems, 12(4):5–33, 1996. ISSN 0742-1222.},
}

@book{JurGod:99,
	author = {Joseph M. Juran and A. Blanton Godfrey},
	title= {{Juran's quality handbook.}},
	year = {1999},
	publisher = {McGraw-Hill London.},
}

@book{MadWanLeeZhu:09,
	author = {Stuart E. Madnick, Richard Y. Wang, Yang W. Lee, and Hongwei Zhu.},
	title= {{Overview and framework for data and information quality research.}},
	year = {2009},
	publisher = {Journal of data and information quality, 1(1):1–22, 2009. ISSN 1936-1955. doi:10.1145/1515693.1516680.},
}

@book{BenCroDia:11,
    author = {Michael Bendersky, W. Bruce Croft, and Yanlei Diao.},
    title = {Quality-biased ranking of web documents.},
    booktitle = {Proceedings of the 4th ACM international conference on Web search and Web data mining (WSDM'11)},
    year = {2011},
    pages = {95--104},
    publisher = {ACM. ISBN 978-1-4503-0493-1. doi: 10.1145/1935826.1935849.}
}

@book{PirTal:10,
    author = {Ari Pirkola and Tuomas Talvensaari.},
    title = {A topic-specific web search system focusing on quality pages.},
    booktitle = {Proceedings of the 14th european conference on research and advanced technology for digital libraries (ECDL'10)},
    year = {2010},
    pages = {490--493},
    publisher = {Springer. ISBN 3-642-15463-8. doi: 10.1007/978-3-642-15464-5\_64.}
}

@book{ZhoCro:05,
    author = {Yun Zhou and W. Bruce Croft.},
    title = {Document quality models for Web ad hoc retrieval.},
    booktitle = {Proceedings of the 14th ACM international conference on information and knowledge management (CIKM'05)},
    year = {2005},
    pages = {331--332},
    publisher = {ACM. ISBN 1-59593-140-6. doi: 10.1145/1099554.1099652.}
}

@book{ZhuGau:00,
    author = {Xiaolan Zhu and Susan Gauch.},
    title = {Incorporating quality metrics in centralized/distributed information retrieval on the World Wide Web.},
    booktitle = {Proceedings of the 23rd annual international ACM SIGIR conference on research and development in information retrieval (SIGIR'00)},
    year = {2000},
    pages = {288--295},
    publisher = {ACM. ISBN 1-58113-226-3. doi: 10.1145/345508.345602.}
}

@book{Crawf:01,
	author = { Holly Crawford.},
	title= {{Encyclopedias. In Richard E. Bopp and Linda C. Smith, editors, Reference and information services: an introduction}},
	year = {2001},
	pages = {433--459}
	publisher = {Englewood, CO, 2001. Libraries Unlimited.},
}

@book{GaBeRoDa:09,
    author = {Loris Gaio, Matthijs den Besten, Alessandro Rossi, and Jean-Michel Dalle.},
    title = {Wikibugs: using template messages in open content collections.},
    booktitle = {Proceedings of the 5th international symposium on wikis and open collaboration (WikiSym'09)},
    year = {2009},
    pages = {14:1--14:7},
    publisher = {ACM. ISBN 978-1-60558-730-1. doi: 10.1145/1641309.1641330.}
}

@book{RoGaBeDal:10,
    author = {Alessandro Rossi, Loris Gaio, Matthijs den Besten, and Jean-Michel Dalle.},
    title = {Coordination and division of labor in open content communities: the role of template messages in Wikipedia.},
    booktitle = {Proceedings of the 43rd annual Hawaii international conference on system sciences (HICSS'10)},
    year = {2010},
    pages = {1--10},
    publisher = {IEEE Computer Society, 2010. ISBN 978-0-7695-3869-3. doi:10.1109/HICSS.2010.122.}
}

@book{ApMaRus:11,
	author = {Gordana Apic, Matthew J. Betts, and Robert B. Russell.},
	title= {{Content disputes in Wikipedia reflect geopolitical instability.}},
	year = {2011},
	publisher = {PLoS ONE, 6(6), 2011. doi:10.1371/journal.pone.0020902.},
}

@book{PoFeErre:13,
    author = { Lian Pohn, Edgardo Ferretti, Marcelo Errecalde },
    title = {Evaluación de la Calidad de la Información de Wikipedia en Español},
    year = {2013},
    publisher = {http://sedici.unlp.edu.ar/bitstream/handle/10915/27332 \\
	/Documento\_completo.pdf?sequence=1}
}

@book{AndSteLip:12,
    author = {M. Anderka, B. Stein, and N. Lipka },
    title = {Predicting Quality Flaws in Usergenerated Content: The Case of Wikipedia.},
    year = {2012},
    publisher = {In 35th Annual SIGIR Conference. ACM}
}

@book{AndSteLip:11,
    author = {Maik Anderka, Benno Stein, and Nedim Lipka.},
    title = {Towards automatic quality assurance in Wikipedia.},
    booktitle = {Proceedings of the 20th international conference on World Wide Web (WWW'11)},
    year = {2011},
    pages = {5--6},
    publisher = {ACM. ISBN 978-1-4503-0637-9. doi: 10.1145/1963192.1963196.}
}

@book{Anderka:11,
	author = {Maik Anderka.},
	title= {Analyzing and Predicting Quality Flaws in User-generated Content: The Case of Wikipedia},
	year = {2013},
}