@article{
    journal2010,
    TITLE="Metric-Temporal Access Methods",
    Author="A. De Battista and A. Pascal and N. Herrera and G. Gutierrez",
    journal="Journal of Computer  Science \& Technology, ",
    Volume="10",
     Number="2",
    Year=2010,
    pages="54--60"
}
@INPROCEEDINGS {
    cacic07aa,
    TITLE = "Un nuevo índice M\'etrico-Temporal: el Historical-FHQT",
    AUTHOR = "{A.} {De Battista} and A. Pascal and G. Gutierrez and N. Herrera",
    YEAR = "2007",
    BOOKTITLE = "Actas del XIII Congreso Argentino de Ciencias de la Computaci\'on",
    ADDRESS = "Corrientes, Agentina"
}

@Article{salzberg,
author = {B. Salzberg and V. J. Tsotras},
    title = {A Comparison of Access Methods for Temporal Data},
    journal = { ACM Computing Surveys},
    year = {1999},
    Volume="31(2)",
    pages=""
}

@Article{jensen,
author = {C. S. Jensen},
title = {A Consensus Glossary of Temporal Database Concepts},
journal = { ACM SIGMOD Record},
year = {1994},
Volume="23(1)",
pages="52--54"
}

@INBOOK {
    SN15encyc.3,
    TITLE = "Compressed Tree Representations",
    BOOKTITLE = "Encyclopedia of Algorithms",
    AUTHOR = "G. Navarro and K. Sadakane",
    EDITOR = "M.-Y. Kao",
    PUBLISHER = "Springer",
    EDITION = "2nd",
    YEAR = 2015,
    }
@INPROCEEDINGS {
        cacicDario2014,
        AUTHOR = " D. Ruano and N. Herrera",
        TITLE = "Representaci{\'o}n Secuencial de un Trie de Sufijos",
        BOOKTITLE = {XX Congreso Argentino de Ciencias de la Computaci{\'o}n},
    ADDRESS = "Buenos Aires, Argentina",
        YEAR = 2014,
        }

@ARTICLE{
        GNjcmcc08,
        AUTHOR = "R. Gonz{\'a}lez and G. Navarro",
        TITLE = "A Compressed Text Index on Secondary Memory",
        JOURNAL = "Journal of Combinatorial Mathematics and Combinatorial 
           Computing",
        YEAR = "2009",
    PUBLISHER = "Charles Babbage Research Centre",
    VOLUME = 71,
    PAGES = "127--154"
    }

@INPROCEEDINGS {
        cacic11,
        TITLE = "T\'ecnicas de Selecci\'on de Centros Basadas en Histogramas de Distancia",
        AUTHOR = "A. Lucero and C. Ruano and N. Herrera",
        YEAR = 2011,
        BOOKTITLE = "Actas del XVII Congreso Argentino de Ciencias de la
                     Computaci\'on",
        ADDRESS = "Argentina",
        }

@INPROCEEDINGS {
        clei06,
        TITLE = "Funciones de Discretizaci\'on Basadas en Histogramas de Distancia",
        AUTHOR = "E. Ch\'avez and N. Herrera  and  C. Ruano and A. Villegas",
        YEAR = 2006,
        BOOKTITLE = "Actas de la Conferencia Latinoamericana de Inform\'atica (CLEI'06)",
        ADDRESS = "Santiago, Chile",
        PAGES = ""
        }



@article{
    journalNC,
    TITLE="Center Selection Techniques for Metric Indexes",
    Author="C. Mendoza Alric, N. Herrera",
    journal="Journal of Computer  Science \& Technology, ",
    Volume="7",
     Number="1",
    Year=2007,
    pages="98--104"
}

@BOOK { handbg,
        TITLE = "Handbook of Algorithms and Data Structures",
        AUTHOR = "G. H. Gonnet and R. Baeza-Yates",
        BOOKTITLE = "Handbook of Algorithms and Data Structures",
        PUBLISHER = "Addison-Wesley",
        YEAR = 1991
    }    
                
@INPROCEEDINGS {
        cacic04CR,
        TITLE = "Discretizaci\'on Binaria para el FTrie",
        AUTHOR = "C. Ruano,  E. Ch\'avez and N. Herrera",
        YEAR = 2004,
        BOOKTITLE = "Actas del X Congreso Argentino de Ciencias de la
                     Computaci\'on (CACIC'04)",
        ADDRESS = "Buenos Aires, Argentina",
        PAGES = "100--111"
        }

@INPROCEEDINGS {
        cacic04AV,
        TITLE = "M\'etodos de Paginaci\'on Para \'Indices M\'etricos Basados en Pivotes",
        AUTHOR = "A. Villegas,  E. Ch\'avez and N. Herrera",
        YEAR = 2004,
        BOOKTITLE = "Actas del X Congreso Argentino de Ciencias de la
                     Computaci\'on (CACIC'04)",
        ADDRESS = "Buenos Aires, Argentina",
        PAGES = "306--316"
        }
@INPROCEEDINGS {
        cacic04NH,
        TITLE = "Selecci\'on Din\'amica de \'indices M\'etricos para Consultas de Proximidad",
        AUTHOR = "E. Ch\'avez and N. Herrera",
        YEAR = 2004,
        BOOKTITLE = "Actas del X Congreso Argentino de Ciencias de la
                     Computaci\'on (CACIC'04)",
        ADDRESS = "Buenos Aires, Argentina",
        PAGES = "389--400"
        }
@article{
     tesisNH,
    author= "N. Herrera",
    Title = "Diseño e Implementaci\'on de Estructuras Optimizadas para B\'usquedas
    en Espacios M\'etricos",
    Journal= "Tesis de Maestr\'ia en Ciencias de la Computaci\'on, Universidad
   Nacional de San Luis.",
    year ="2003"
}
@INPROCEEDINGS {
        fqtrie,
        AUTHOR = "E. Ch{\'a}vez and K. Figueroa",
        TITLE = "Faster Proximity Searching in Metric Data",
        BOOKTITLE = "Proceedings of MICAI 2004. LNCS 2972, Springer",
        YEAR = 2004,
        ADDRESS = "Cd. de M\'exico, M\'exico",
        }


@INPROCEEDINGS {
        cacic02,
        TITLE = "Parametrizaci\'on Local de Espacios M\'etricos",
        AUTHOR = "N. Herrera and E. Ch\'avez",
        YEAR = 2002,
        BOOKTITLE = "Actas del VIII Congreso Argentino de Ciencias de la
                     Computaci\'on (CACIC'02)",
        ADDRESS = "Buenos Aires, Argentina",
        PAGES = "821--833"
        }

@INPROCEEDINGS {
        wicc02,
        TITLE = "B\'usquedas en Espacios M\'etricos",
        AUTHOR = "N. Herrera and N. Reyes and R. Baeza-Yates and
                  G. Navarro and E. Ch\'avez",
        YEAR = 2002,
        BOOKTITLE = "Proc. IV Workshop de Investigadores en Ciencias de la
                     Computaci\'on (WICC'02)",
        ADDRESS = "Bah\'ia Blanca, Argentina",
        PAGES = "290--293"
        }

@INPROCEEDINGS {
        wicc01,
        TITLE = "B\'usquedas en Espacios M\'etricos: posible optimizaciones al
         Geometric Near-neighbor Access Tree",
        AUTHOR = "N. Herrera and N. Reyes and R. Baeza-Yates",
        YEAR = 2001,
        BOOKTITLE = "Proc. III Workshop de Investigadores en Ciencias de la
                     Computaci\'on (WICC'01)",
        ADDRESS = "San Luis, Argentina",
        PAGES = "42--44"
        }

@INBOOK {
        capitulo,
        TITLE = "Clustering in Metric Spaces and Its Application to
                 Information Retrieval",
        AUTHOR = "R. Baeza-Yates and B. Bustos and E. Ch\'avez and N. Herrera
                  and {G.} Navarro",
        BOOKTITLE = "Clustering and Information Retrieval",
        PUBLISHER = "Kluwer Academic Publishers",
        YEAR = 2003,
        NOTE = "ISBN 1-4020-7682-7" 
        }


@INPROCEEDINGS{
    edgar01,
    TITLE="A subquadratic Algorithm for Cluster and Outlier Detection in Massive Metric Data",
    AUTHOR="Edgar Ch\'avez",
    BOOKTITLE = "Proc. String Processing and Information Retrieval (SPIRE 01)",
    YEAR = 2001,          
    PAGES = "46-58",
    PUBLISHER = "IEEE CS Press"
}

 
@INPROCEEDINGS{
    sebd,
    TITLE="Knowledge Based Distances for Sequence Comparison",
    AUTHOR="Edgar Ch\'avez",
    booktitle = "Sistemi Evolui per Basi di Dati",
    year = 2002,
    pages = "34-47"
}

@INPROCEEDINGS{
       celik,
       TITLE= "Priority Vantage Points Structures for Similarity Queries in Metric Spaces",
       AUTHOR= "Cengiz Celik",
       booktitle= "EurAsia-ICT 2002",
       SERIES=  "LCNS 2510",
       PUBLISHER = "Springer-Verlag",
       YEAR= 2002,
       pages= "256-263"
}

@article{
    zhan,
    TITLE="Graph Theoretical Methods for Detecting adn Describing Gestalt Clusters",
    Author="Zhan C. T.",
    journal="IEEE Transactions on Computing",
    Volume="C",
    Year=1971,
    pages="68-86"
}

@BOOK { irbook,
        TITLE = "Modern Information Retrieval",
        AUTHOR = "R. Baeza-Yates and B. Ribeiro-Neto",
        BOOKTITLE = "Modern Information Retrieval",
        PUBLISHER = "Addison-Wesley",
        YEAR = 1999
    }                                }

@inproceedings{mtree,
    author = "Paolo Ciaccia and Marco Patella and Fausto Rabitti and Pavel Zezula",
    title = "Indexing Metric Spaces with M-Tree",
    booktitle = "Sistemi Evolui per Basi di Dati",
    pages = "67-86",
    year = "1997",
    url = "citeseer.nj.nec.com/ciaccia97indexing.html"
   }

@techreport{intrinsic,
    author = "J. Bruske and G. Sommer",
    title = "Intrinsic dimensionality estimation with optimally topology preserving maps",
    number  = "Technical Report 9703",
    institution="Inst. f. Inf. u. Prakt Math. 
    Christian-Albrechts-Universitaet zu Kiel",
    note="submitted to IEEE PAMI",
    year = "1997",
    url = "citeseer.nj.nec.com/bruske97intrinsic.html"
                        }

@inproceedings{bor99,
    author="A. Borodin and R. Ostrovsky and Y. Rabani",
    title ="Subquadratic Approximation Algorithms for Clustering
    Problems in High Dimensional Spaces",
    booktitle="STOC'99",
    year=1999,
    }
@inproceedings{venk99,
    author = "Venkatesh Ganti and Raghu Ramakrishnan and Johannes Gehrke and Allison L. Powell and James C. French",
    title = "Clustering Large Datasets in Arbitrary Metric Spaces",
    booktitle = "{ICDE}",
    pages = "502-511",
    year = "1999",
    url = "citeseer.nj.nec.com/ganti98clustering.html"
}

@ARTICLE{mill85,
        AUTHOR = "G. W. Milligan and M. C. Cooper",
        TITLE = "An examination of procedures for determining the number of clusters in a data set",
        JOURNAL = "Psychometrica",
        VOLUME = 50,
        PAGES = {159-179},
        YEAR = 1985
    } 

@ARTICLE{ourcluster,
        AUTHOR="M. R. Brito and E. L. Ch\'avez and A. J. Quiroz and J. E. Yukich",
        TITLE="Connectivity of the mutual k-nearest-neighbor graph in clustering and outlier detection",
        JOURNAL="STATISTICS \& PROBABILITY LETTERS",
        VOLUME=35,
        PAGES={33-42},
        YEAR=1997
    } 

@inproceedings{
        Birch,
        author="T. Zhang and R. Ramakrishman and Livny M.",
        title="BIRCH: An efficient data clustering method for very large databases",
        booktitle="1996 ACM SIGMOD International Conference on Management of Data",
        month="June",
        pages={103-114},
        address="Quebec Canada",
        year=1996
    }                                 

@inproceedings{d-exponent,
    author="C. Traina Jr. and A. Traina and C. Faloutsos",
    title="Disctance Exponent: A New Concept for Selectivity 
    Estimation in Metric Trees",
    booktitle="16th International Conference on Data Engineering",
    year=2000
    }
    
@article{oursurvey,
        AUTHOR = "E. Ch\'{a}vez and {G.} Navarro and R. Baeza-Yates and J.L. Marroqu\'{\i}n",
        TITLE = "Searching in Metric Spaces",
        JOURNAL = "ACM Computing Surveys",
        YEAR = 2001,
        VOLUME = 33,
        NUMBER = 3,
        MONTH = sep,
        PAGES = "273--321"
    }
                                } 
@techreport{aknn,
    author= "Edgar Ch\'avez and Karina Figueroa and Gonzalo Navarro",
    Title = "A Fast Algorithm for the All-Nearest Neighbor Problem 
    in General Metric Spaces",
    Note  = "TR/DCC-2001-3",
    Institution="Departamento de Ciencias de la Computaci\'on, U. Chile",
    url = "ftp://ftp.dcc.uchile.cl/pub/users/gnavarro/knn.ps.gz",
    year ="2001"
}


@inproceedings{BS97,
    author = "J. Bruske and Gerald Sommer",
    title = "An Algorithm for Intrinsic Dimensionality Estimation",
    booktitle = "Computer Analysis of Images and Patterns",
    pages = "9-16",
    year = "1997",
    url = "citeseer.nj.nec.com/184782.html"
}

@book{dud84,
author= "Dudley, R.M.",
title = "Ecole d'et\'e de probabilit\'es de St.-Flour",
booktitle="Lecture Notes in Math.",
pages="1-142",
number=1097,
publisher="Springer, New York"
}


@article{Erd60,
author   = {Erd\"os, P. and R\'enyi, A.},
title    = "On the evolution of random graphs ",
journal  = "Magyar Tud. Akad. Mat. Kut. Int. Kozl.",
pages    ="17-61",
}

@book{ever78,
author   = "Everitt, B.",
booktitle= "Cluster Analysis",
publisher= "Heinemann, London",
year     = "1974"
}

@techreport{gb95,
author   = {Gonz\'alez-Barrios, J.M. and Quiroz, A.J.},
title    = {When does the k-Nearest Neighbors Graph contain the MST?},
institution= {Comunicaci\'on T\'ecnica del CIMAT},
number   ="I-95-06",
year     =1995
}

@book{gow78,
author   = "Gowda, K.C. and Krishna, G.",
title    = "Agglomerative clustering using the concept of mutual nearest neighborhood",
journal  = " Pattern Recognition",
pages    ="105-112",
volume   =10,
year     =1978
}

@book{hara69,
author   = "Harary, F",
title    = "Graph Theory",
booktitle="Graph Theory",
publisher="Addison-Wesley, Reading, Mass.",
year     =1969
}


@book{hart75,
author   = "Hartigan, J",
title     = "Clustering Algorithms",
publisher = "John Wiley and Sons, New York",
year     =1975
}


@article{jar73,
author   = "Jarvis, R.A. and Patrick, E.A.",
title    = "Clustering using a similarity measure based on shared near neighbors",
journal  ="IEEE Transactions on Computer C",
pages    ="1025-1034",
volume   =22,
year     =1973
}


@book{jain88,
author   = "Jain, A.K. and Dubes, R.C.",
title    = "Algorithms for Clustering Data",
publisher ="Prentice Hall Advanced Reference Series",
year     =1988
}

@ARTICLE {                                                                                                      
fastmap,                                                                                                   
AUTHOR = "C. Faloutsos and  K. Lin",                                                                    
TITLE = "Fastmap: a fast algorithm for indexing, data mining and                                                 
visualization of traditional and multimedia datasets",                                         
JOURNAL = "ACM SIGMOD Record",                                                                          
VOLUME = 24,                                                                                            
NUMBER = 2,                                                                                             
PAGES = "163--174",                                                                                     
YEAR = 1995,                                                                                            
}

@INPROCEEDINGS{
alenex,
AUTHOR = "Edgar Ch\'avez and Gonzalo Navarro",
TITLE = "A Probabilistic Spell for the Curse of Dimensionality",
BOOKTITLE = "Proc. 3rd Workshop on Algorithm Engineering and Experiments (ALENEX'01)",
YEAR = "2001",
SERIES = "LNCS"
}

@INPROCEEDINGS {                                                                                                
sat,                                                                                                  
AUTHOR = "{G.} Navarro",                                                                                  
TITLE = "Searching in Metric Spaces by Spatial Approximation",                                          
BOOKTITLE = "Proc. String Processing and Information Retrieval                                                       
(SPIRE'99)",                                                                               
YEAR = 1999,                                                                                            
PAGES = "141--148",                                                                                     
PUBLISHER = "IEEE CS Press"                                                                             
}

@INPROCEEDINGS{
        modelo,
        AUTHOR = "E. Ch'avez and G. Navarro",
        TITLE = "A Metric Index for Approximate String Matching",
    BOOKTITLE ="Proceedings of ENC01, LNCS",
        YEAR = "2001",
    URL ="http://www.fismat.umich.mx/\~elchavez/metind.ps.gz"
}

@INPROCEEDINGS {
        BN02,
        AUTHOR = "B. Bustos and {G.} Navarro",
        TITLE = "Probabilistic Proximity Searching Based on Compact Partitions",
        BOOKTITLE = "Proc. 9th International Symposium on String Processing
             and Information Retrieval (SPIRE'02)",
        YEAR = "2002",
        PUBLISHER = "LNCS, Springer-Verlag"
        }

@INPROCEEDINGS {
          BNCsccc01,
          TITLE = "Pivot Selection Techniques for Proximity Searching
                        in Metric Spaces",
          AUTHOR = "B. Bustos and {G.} Navarro and E. Ch{\'a}vez",
          BOOKTITLE = "Proc. of the XXI Conference of the Chilean
                        Computer Science Society (SCCC'01)",
          PAGES = "33--40",
          PUBLISHER = "IEEE CS Press",
          YEAR = 2001
        }

@ARTICLE {
        SURVEY,
        TITLE = "Proximity Searching in Metric Spaces",
        AUTHOR = "E. Ch{\'a}vez and {G.} Navarro and R. Baeza-Yates and
                  J. Marroqu{\'{\i}}n",
        JOURNAL = {ACM Computing Surveys},
        VOLUME = 33,
        NUMBER = 3,
        PAGES = "273--321",
        YEAR = 2001
        }

@INPROCEEDINGS {
    FHQT,
    AUTHOR = "R. Baeza-Yates and W. Cunto and U. Manber and S. Wu",
    TITLE = "Proximity Matching Using Fixed-Queries Trees",
    BOOKTITLE = "Proc. 5th Combinatorial Pattern Matching (CPM'94)",
    YEAR = 1994,
    PAGES = "198--212",
    SERIES = "LNCS 807"
    }

@ARTICLE{
        FQA,
        AUTHOR = "E. Ch{\'a}vez and J. Marroqu{\'{\i}}n and {G.} Navarro",
        TITLE = "Fixed Queries Array: A Fast and Economical Data Structure
                 for Proximity Searching",
        JOURNAL = "Multimedia Tools and Applications (MTAP)",
        YEAR = "2001",
        PUBLISHER = "Kluwer",
        VOLUME = 14,
        NUMBER = 2,
        PAGES = "113--135"
    }

@ARTICLE {
    LAESA,
    AUTHOR = "L. Mic{\'o} and J. Oncina and E. Vidal",
    TITLE = "A new version of the nearest-neighbor approximating and
          eliminating search ({AESA}) with linear preprocessing-time and
          memory requirements",
    YEAR = 1994,
    JOURNAL = "Pattern Recognition Letters",
    VOLUME = 15,
    PAGES = "9--17"
    }

@INPROCEEDINGS {
    SPAG,
    AUTHOR = "E. Ch{\'a}vez and J. Marroqu{\'{\i}}n and R. Baeza-Yates",
    TITLE = "Spaghettis: an Array Based Algorithm for Similarity Queries in
         Metric Spaces",
    BOOKTITLE = "Proc. String Processing and Information Retrieval
                 (SPIRE'99)",
    YEAR  = 1999,
    PAGES = "38--46",
    PUBLISHER = "IEEE CS Press"
    }

@INPROCEEDINGS {
    YIAN,
    AUTHOR = "P. Yianilos",
    TITLE = "Data structures and algorithms for nearest neighbor search
         in general metric spaces",
    BOOKTITLE = "Proc. 4th ACM-SIAM Symposium on Discrete Algorithms
             (SODA'93)",
    YEAR = 1993,
    PAGES = "311--321",
    }

@INPROCEEDINGS {
    Bri95,
    AUTHOR = "S. Brin",
    TITLE = "Near neighbor search in large metric spaces",
    BOOKTITLE = "Proc. 21st Conference on Very Large Databases (VLDB'95)",
    YEAR = "1995",
    PAGES = "574--584",
    }

@ARTICLE {
    BKT,
    AUTHOR = "W. Burkhard and R. Keller",
    TITLE = "Some Approaches to Best-Match File Searching",
    JOURNAL = "Comm. of the ACM",
    VOLUME = 16,
    NUMBER = 4,
    YEAR = 1973,
    PAGES = "230--236"
    }

@INPROCEEDINGS {
    MVPT,
    AUTHOR = "T. Bozkaya and M. Ozsoyoglu",
    TITLE = "Distance-based indexing for high-dimensional metric spaces",
    BOOKTITLE = "Proc. ACM SIGMOD International Conference on Management
             of Data",
    YEAR = 1997,
    PAGES = "357--368",
    NOTE = "Sigmod Record 26(2)"
    }

@INPROCEEDINGS {
    VPF,
    AUTHOR = "P. Yianilos",
    TITLE ="Excluded Middle Vantage Point Forests for Nearest Neighbor
        Search",
    BOOKTITLE = "DIMACS Implementation Challenge, ALENEX'99",
    ADDRESS = "Baltimore, MD",
    YEAR = 1999,
    }

@ARTICLE {
    AESA,
    AUTHOR = "E. Vidal",
    TITLE = "An algorithm for finding nearest neighbors in (approximately)
          constant average time",
    YEAR = 1986,
    JOURNAL = "Pattern Recognition Letters",
    VOLUME = 4,
    PAGES = "145--157"
    }

@ARTICLE {
    FARAGO,
    AUTHOR = "A. Farag{\'o} and T. Linder and G. Lugosi",
    TITLE = "Fast Nearest-Neighbor Search in Dissimilarity Spaces",
    JOURNAL = "IEEE Trans. on Pattern Analysis and Machine Intelligence",
    VOLUME = 15,
    NUMBER = 9,
    YEAR = 1993,
    PAGES = "957--962",
    }

@MISC {
    DIMACS,
    AUTHOR = "The Sixth DIMACS Implementation Challenge: Available Software",
        NOTE = "
  {\tt http://\-www.dimacs.rutgers.edu/\-Challenges/\-Sixth/\-software.html}."
    }

@ARTICLE {
    AUR91,
    AUTHOR = "F. Aurenhammer",
    TITLE = "Voronoi diagrams -- a survey of a fundamental geometric data
            structure",
    JOURNAL = "ACM Computing Surveys",
    VOLUME = 23,
    NUMBER = 3,
    YEAR = 1991
}

@TECHREPORT {
    KBS97,
    AUTHOR = "D. Kao and R. Bergeron and T. Sparr",
    TITLE = "Mapping metric data to multidimensional spaces",
    NUMBER = "TR 97-13",
    INSTITUTION = "Dept. of Computer Science, Univ. of New Hampshire",
    YEAR = 1997
    }

@BOOK {
    Fuk90,
    AUTHOR = "K. Fukunaga",
    TITLE = "Introduction to Statistical Pattern Recognition",
    PUBLISHER = "Academic Press",
    YEAR = 1990,
    EDITION = "2nd"
    }

@BOOK {
    KW78,
    AUTHOR = "J. Kruskal and M. Wish",
    TITLE = "Multidimensional Scaling",
    PUBLISHER = "SAGE Publications",
    ADDRESS = "Beverly Hills",
    YEAR = 1978
    }


@INPROCEEDINGS {
        CN00,
        AUTHOR = "E. Ch{\'a}vez and {G.} Navarro",
        TITLE = "An effective clustering algorithm to index high dimensional metric spaces",
        BOOKTITLE = "Proc. 7th International Symposium on String Processing and Information Retrieval (SPIRE'00)",
        PAGES = "75--86",
        PUBLISHER = "IEEE CS Press",
        YEAR = 2000
        }

@INPROCEEDINGS {
        CN01,
        AUTHOR = "E. Ch{\'a}vez and {G.} Navarro",
        TITLE = " A probabilistic spell for the curse of dimensionality",
        BOOKTITLE = "Proc. 3rd Workshop on Algorithm Engineering and Experiments (ALENEX'01)",
        SERIES = "LNCS 2153",
        PAGES = "147--160",
        YEAR = 2001
        }

@ARTICLE {
    DN87,
    AUTHOR = "F. Dehne and {H.} Noltemeier",
    TITLE = "Voronoi trees and clustering problems",
    JOURNAL = "Information Systems",
    VOLUME = 12,
    NUMBER = 2,
    PAGES = "171--175",
    YEAR = 1987,
    PUBLISHER = "Pergamon Journals"
    }

@ARTICLE {
    Ver95,
    AUTHOR = "K. Verbarg",
    TITLE = "The {C-T}tree: a dynamically balanced spatial index",
    JOURNAL = "Computing Suppl.",
    VOLUME = 10,
    PAGES = "323--340",
    YEAR = 1995,
    PUBLISHER = "Springer-Verlag"
    }

@ARTICLE {
    KMD83,
    AUTHOR = "I. Kalantari and G. McDonald",
    TITLE = "A data structure and an algorithm for the nearest point
         problem",
    JOURNAL = "IEEE Transactions on Software Engineering",
    VOLUME = 9,
    NUMBER = 5,
    PAGES = "631--634",
    YEAR = 1983
    }

@INPROCEEDINGS {
    Nol89,
    AUTHOR = "{H.} Noltemeier",
    TITLE = "Voronoi trees and applications",
    BOOKTITLE = "Proc. International Workshop on Discrete Algorithms
             and Complexity",
    PAGES = "69--74",
    ADDRESS = "Fukuoka, Jap\'on",
    YEAR = 1989,
    }

@INPROCEEDINGS {
    IM98,
    AUTHOR = "P. Indyk and R. Motwani",
    TITLE = "Approximate nearest neighbors: towards removing the curse of
         dimensionality",
    BOOKTITLE = "30th Annual ACM Symp. Theory of Computing",
    YEAR = 1998,
    PAGES = "604-613"
    }

@INPROCEEDINGS {
    KOR98,
    AUTHOR = "E. Kushilevitz and R. Ostrovsky and Y. Rabani",
    TITLE = "Efficient search for approximate nearest neighbor in
         high-dimensional spaces",
    BOOKTITLE = "30th Annual ACM Symp. Theory of Computing",
    YEAR = 1998,
    PAGES = "614-623"
    }

@INPROCEEDINGS {
    CCGL99,
    AUTHOR = "A. Chakrabarti and B. Chazelle and B. Gum and A. Lyov",
    TITLE = "A Lower Bound on the Complexity of Approximate Nearest-Neighbor Searching on the Hamming Cube",
    BOOKTITLE = "31st Annual ACM Symp. Theory of Computing",
    YEAR = 1999,
    PAGES = "305-311"
    }

@INPROCEEDINGS {
    Chazelle94,
    AUTHOR = "B. Chazelle ",
    TITLE = "Computational Geometry: a restropective ",
    BOOKTITLE = "26th ACM Symposium on the Theory of Computing
(STOC'94)",     YEAR = 1994,
    PAGES = "75-94"
    }

@INPROCEEDINGS {
    NVZ92,
    AUTHOR = "{H.} Noltemeier and K. Verbarg and C. Zirkelbach",
    TITLE = "Monotonous {B}isector$^*$ {T}rees -- a tool for efficient
         partitioning of complex schenes of geometric objects",
    BOOKTITLE = "Data Structures and Efficient Algorithms",
    SERIES = "LNCS 594",
    PAGES = "186--203",
    YEAR = 1992,
    PUBLISHER = "Springer-Verlag"
    }

@BOOK {
    Mel84,
    AUTHOR = "K. Melhorn",
    TITLE = "Data Structures and Algorithms",
    VOLUME = "III - Multidimensional Searching and Computational Geometry",
    PUBLISHER = "Springer",
        YEAR = 1984
    }

@INPROCEEDINGS {
    RKV95,
    AUTHOR = "N. Roussopoulos and S. Kelley and F. Vincent",
    TITLE = "Nearest neighbor queries",
    BOOKTITLE = "Proc. ACM SIGMOD'95",
    PAGES = "71--79",
    YEAR = 1995
    }

@ARTICLE {
    FEF+94,
    AUTHOR = "C. Faloutsos and W. Equitz and M. Flickner and W. Niblack
          and D. Petkovic and R. Barber",
    TITLE = "Efficient and effective querying by image content",
    JOURNAL = "J. of Intelligent Information Systems",
    VOLUME = 3,
    NUMBER = "3/4",
    PAGES = "231--262",
    YEAR = 1994
    }

@ARTICLE {
    Sam84,
    AUTHOR = "H. Samet",
    TITLE = "The Quadtree and related Hierarchical Data Structures",
    JOURNAL = "ACM Computing Surveys",
    VOLUME = 16,
    NUMBER = 2,
    PAGES = "187--260",
    YEAR = 1984
    }

@BOOK {
    ABH97,
    AUTHOR = "P. Apers and H. Blanken and M. Houtsma",
    TITLE = "Multimedia Databases in Perspective",
    PUBLISHER = "Springer",
    YEAR = 1997,
    }

@ARTICLE {
    YI99,
    AUTHOR = "A. Yoshitaka and T. Ichikawa",
    TITLE = "A survey on content-based retrieval for multimedia databases",
    JOURNAL = "IEEE Trans. on Knowledge and Data Engineering",
    VOLUME = 11,
    NUMBER = 1,
    YEAR = 1999,
    PAGES = "81--93"
    }

@INPROCEEDINGS {
    AMNSW94,
    AUTHOR = "S. Arya and D. Mount and N. Netanyahu and R. Silverman and
          A. Wu",
    TITLE = "An optimal algorithm for approximate nearest neighbor
         searching in fixed dimension",
    YEAR = 1994,
    BOOKTITLE = "Proc. 5th ACM-SIAM Symposium on Discrete Algorithms
             (SODA'94)",
    PAGES = "573--583"
    }



@ARTICLE {
    Ben75,
    AUTHOR = "J. Bentley",
    TITLE = "Multidimensional binary search trees used for associative
         searching",
    JOURNAL = "Comm. of the ACM",
    VOLUME = 18,
    NUMBER = 9,
    YEAR = 1975,
    PAGES = "509--517",
    }

@ARTICLE {
    Ben79,
    AUTHOR = "J. Bentley",
    TITLE = "Multidimensional binary search trees in database applications",
    JOURNAL = "IEEE Trans. on Software Engineering",
    VOLUME = 5,
    NUMBER = 4,
    YEAR = 1979,
    PAGES = "333--340",
    }

@INPROCEEDINGS {
    BFRWW93,
    AUTHOR = "E. Bugnion and S. Fhei and T. Roos and P. Widmayer and
          F. Widmer",
    TITLE = "A spatial index for approximate multiple string matching",
    BOOKTITLE = "Proc. 1st South American Workshop on String Processing
             (WSP'93)",
    EDITOR = "R. Baeza-Yates and N. Ziviani",
    YEAR = 1993,
    PAGES = "43--53"
    }

@INPROCEEDINGS {
    BKK96,
    AUTHOR = "S. Berchtold and D. Keim and H. Kriegel",
    TITLE = "The {X}-tree: an index Structure for High-Dimensional Data",
    BOOKTITLE = "Proc. 22nd Conference on Very Large Databases (VLDB'96)",
    PAGES = "28--39",
    YEAR = 1996,
    }

@ARTICLE {
    BCQY97,
    AUTHOR = "M. Brito and E. Ch{\'a}vez and A. Quiroz and J. Yukich",
    TITLE = "Connectivity of the Mutual $k$-Nearest Neighbor Graph in
         Clustering and Outlier Detection",
    JOURNAL = "Statistics \& Probability Letters",
    VOLUME = 35,
    YEAR = 1997,
    PAGES = "33--42"
    }


@INPROCEEDINGS {
    BPQ98,
    AUTHOR = "B. Bhanu and J. Peng and S. Qing",
    TITLE = "Learning feature relevance and similarity metrics in image
             databases",
    BOOKTITLE = "Proc. IEEE Workshop on Content-Based Access of Image and
             Video Libraries",
    YEAR = 1998,
    PAGES = "14--18",
    ADDRESS = "Santa Barbara, California",
    PUBLISHER = "IEEE Computer Society"
    }



@INPROCEEDINGS {
    BV98,
    AUTHOR = "A. Del Bimbo and E. Vicario",
    TITLE = "Using weighted spatial relationships in retrieval by visual
         contents",
    BOOKTITLE = "Proc. IEEE Workshop on Content-Based Access of Image and
             Video Libraries",
    YEAR = 1998,
    PAGES = "35--39",
    ADDRESS = "Santa Barbara, California",
    PUBLISHER = "IEEE Computer Society"
    }

@TECHREPORT {
    BW97,
    AUTHOR = "S. Blott and R. Weber",
    TITLE = "A simple vector-approximation file for similarity search in
                 high-dimensional vector spaces",
    INSTITUTION = "Institute for Information Systems, ETH Zentrum,
                       Zurich, Switzerland",
    YEAR = 1997
    }

@ARTICLE {
    BWY80,
    AUTHOR = "J. Bentley and B. Weide and A. Yao",
    TITLE = "Optimal Expected-Time Algorithms for Closest Point Problems",
    JOURNAL = "ACM Trans. on Mathematical Software",
    VOLUME = 6,
    NUMBER = 4,
    YEAR = 1980,
    PAGES = "563--580"
    }

@INCOLLECTION {
    BY97,
    AUTHOR = "R. Baeza-Yates",
    EDITOR = "A. Kent and J. Williams",
    TITLE = "Searching: an algorithmic tour",
    BOOKTITLE = "Encyclopedia of Computer Science and Technology",
    VOLUME = 37,
    PAGES = "331--359",
    YEAR = 1997,
    PUBLISHER = "Marcel Dekker Inc.",
    }



@INPROCEEDINGS {
        BYN98,
        AUTHOR = "R. Baeza-Yates and {G.} Navarro",
        TITLE = "Fast Approximate String Matching in a Dictionary",
        BOOKTITLE = "Proc. 5th South American Symposium on String Processing
             and Information Retrieval (SPIRE'98)",
        YEAR = "1998",
        PAGES = "14--22",
        PUBLISHER = "IEEE CS Press",
        }

@BOOK {
        BYR99,
        AUTHOR = "R. Baeza-Yates and B. Ribeiro-Neto",
        TITLE = "Modern Information Retrieval",
        PUBLISHER = "Addison-Wesley",
        YEAR = 1999,
        }

@BOOK {
    CC94,
    AUTHOR = "T. Cox and M. Cox",
    TITLE = "Multidimensional Scaling",
    PUBLISHER = "Chapman and Hall",
    YEAR = 1994
    }

@UNPUBLISHED {
        Cha99,
        AUTHOR = "E. Ch{\'a}vez",
        TITLE = "Optimal Discretization for Pivot Based Algorithms",
        YEAR = 1999,
        NOTE = "Manuscript. {\tt
       ftp://\-garota.fismat.umich.mx/\-pub/\-users/\-elchavez/\-minimax.ps.gz}"
        }

@BOOK {
    Chi95,
    AUTHOR = "L. Childs",
    TITLE = "A Concrete Introduction to Higher Algebra",
    YEAR = 1995,
    PUBLISHER = "Springer-Verlag"
    }

@ARTICLE {
    Cla99,
    AUTHOR = "K. Clarkson",
    TITLE = "Nearest neighbor queries in metric spaces",
    JOURNAL = "Discrete Computational Geometry",
    VOLUME = 22,
    NUMBER = 1,
    PAGES = "63--93",
    YEAR = 1999
    }

@INPROCEEDINGS {
    CM97,
    AUTHOR = "E. Ch{\'a}vez and J. Marroqu{\'{\i}}n",
    EDITOR = "R. Baeza-Yates",
    TITLE = "Proximity Queries in Metric Spaces",
    YEAR = 1997,
    PAGES = "21--36",
    BOOKTITLE = "Proc. 4th South American Workshop on String Processing
             (WSP'97)",
    PUBLISHER = "Carleton University Press",
    }



@INPROCEEDINGS {
    Chi94,
    AUTHOR = "T. Chiueh",
    TITLE = "Content-based image indexing",
    BOOKTITLE = "Proc. of the 20th Conference on Very Large Databases
             (VLDB'94)",
    YEAR = 1994,
    PAGES = "582--593"
    }

@INPROCEEDINGS {
    CPZ97,
    AUTHOR = "P. Ciaccia and M. Patella and P. Zezula",
    TITLE = "M-tree: an efficient Access Method for Similarity Search
         in Metric Spaces",
    BOOKTITLE = "Proc. of the 23rd Conference on Very Large Databases
             (VLDB'97)",
    YEAR = 1997,
    PAGES = "426--435"
    }

@INPROCEEDINGS {
    CPZ98a,
    AUTHOR = "P. Ciaccia and M. Patella and P. Zezula",
    TITLE = "A Cost Model for Similarity Queries in Metric Spaces",
    BOOKTITLE = "Proc. 17th ACM SIGACT-SIGMOD-SIGART Symposium on
             Principles of Database Systems (PODS'98)",
    YEAR = 1998,
    }

@INPROCEEDINGS {
    CPZ98b,
    AUTHOR = "P. Ciaccia and M. Patella and P. Zezula",
    TITLE = "Processing complex similarity queries with distance-based
         access methods",
    BOOKTITLE = "Proc. 6th International Conference on Extending Database
             Technology (EDBT'98)",
    YEAR = 1998,
    }

@INPROCEEDINGS {
    CSS98,
    AUTHOR = "M. La Cascia and S. Sethi and S. Sclaroff",
    TITLE = "Combining textual and visual cues for content-based image
             retrieval on the world wide web",
    BOOKTITLE = "Proc. IEEE Workshop on Content-Based Access of Image and
             Video Libraries",
    YEAR = 1998,
    PAGES = "24--28",
    ADDRESS = "Santa Barbara, California",
    PUBLISHER = "IEEE Computer Society"
    }

@BOOK {
    Dev87,
    AUTHOR = "L. Devroye",
    TITLE = "A Course in Density Estimation",
    YEAR = 1987,
    PUBLISHER = "Birkhauser",
    }

@BOOK {
    DH73,
    AUTHOR = "R. Duda and P. Hart",
    TITLE = "Pattern Classification and Scene Analysis",
    YEAR = 1973,
    PUBLISHER = "Wiley",
    }



@INPROCEEDINGS {
    FK94,
    AUTHOR = "C. Faloutsos and I. Kamel",
    TITLE = "Beyond uniformity and independence: analysis of {R}-trees
         using the concept of fractal dimension",
    BOOKTITLE = "Proc. 13th ACM Symposium on Principles of Database
             Principles (PODS'94)",
    YEAR  = 1994,
    PAGES = "4--13"
    }

@BOOK {
        FBY92,
        EDITOR = "W. Frakes and R. Baeza-Yates",
        TITLE = "Information Retrieval: Data Structures and Algorithms",
        PUBLISHER = "Prentice-Hall",
        YEAR = 1992,
        }

@ARTICLE {
    FL95,
    AUTHOR = "C. Faloutsos and  K. Lin",
    TITLE = "Fastmap: a fast algorithm for indexing, data mining and
         visualization of traditional and multimedia datasets",
    JOURNAL = "ACM SIGMOD Record",
    VOLUME = 24,
    NUMBER = 2,
    PAGES = "163--174",
    YEAR = 1995,
    }



@ARTICLE {
    GG98,
    AUTHOR = "V. Gaede and O. G{\"u}nther",
    TITLE = "Multidimensional Access Methods",
    JOURNAL = "ACM Computing Surveys",
    VOLUME = 30,
    NUMBER = 2,
    YEAR = 1998,
    PAGES = "170--231"
    }

@INPROCEEDINGS {
    Gut84,
    AUTHOR = "A. Guttman",
    TITLE = "R-trees: a dynamic index structure for spatial searching",
    BOOKTITLE = "Proc. ACM SIGMOD International Conference on Management
             of Data",
    YEAR = 1984,
    PAGES = "47--57",
    }

@BOOK {
    HATB95,
    AUTHOR = "J. Hair and R. Anderson and R. Tatham and W. Black",
    TITLE = "Multivariate Data Analysis with Readings",
    PUBLISHER = "Prentice-Hall",
    EDITION = "4th",
    YEAR = 1995
    }

@INPROCEEDINGS {
        Har95,
        AUTHOR = "D. Harman",
        TITLE = "Overview of the {T}hird {T}ext {RE}trieval {C}onference",
        BOOKTITLE = "Proc. Third Text REtrieval Conference (TREC-3)",
        PAGES = "1--19",
        YEAR = 1995,
        NOTE = "NIST Special Publication 500-207"
        }

@BOOK {
    JD88,
    AUTHOR = "A. Jain and R. Dubes",
    TITLE = "Algorithms for Clustering Data",
    YEAR = 1988,
    PUBLISHER = "Prentice-Hall"
    }

@BOOK {
        Knu73,
        TITLE = "The Art of Computer Programming",
        AUTHOR = "D. Knuth",
        PUBLISHER = "Addison-Wesley",
        VOLUME = {3: Sorting and Searching},
        YEAR = 1973,
        }

@ARTICLE {
    MOC96,
    AUTHOR = "L. Mic{\'o} and J. Oncina and R. Carrasco",
    TITLE = "A fast branch and bound nearest neighbour classifier in metric
         spaces",
    JOURNAL = "Pattern Recognition Letters",
    VOLUME = 17,
    YEAR = 1996,
    PAGES = "731--739"
    }



@BOOK {
    Mun75,
    AUTHOR = "J. Munkres",
    TITLE = "Topology, A First Course",
    YEAR = 1975,
    PUBLISHER = "Prentice-Hall"
    }

@INPROCEEDINGS {
        Nav99,
        AUTHOR = "{G.} Navarro",
        TITLE = "Searching in Metric Spaces by Spatial Approximation",
        BOOKTITLE = "Proc. String Processing and Information Retrieval
             (SPIRE'99)",
        YEAR = 1999,
    PAGES = "141--148",
    PUBLISHER = "IEEE CS Press"
    }

@ARTICLE {
    NH84,
    AUTHOR = "J. Nievergelt and H. Hinterberger",
    TITLE = "The Grid File: an Adaptable, Symmetric Multikey File
         Structure",
    YEAR = 1984,
    JOURNAL = "ACM Trans. on Database Systems",
    VOLUME = 9,
    PAGES = "38--71",
    NUMBER = 1,
    }

@ARTICLE {
    NN97,
    AUTHOR = "S. Nene and S. Nayar",
    TITLE = "A simple algorithm for nearest neighbor search in high
         dimensions",
    JOURNAL = "IEEE Trans. on Pattern Analysis and Machine Intelligence",
    VOLUME = 19,
    NUMBER = 9,
    YEAR = 1997,
    PAGES = "989--1003"
    }

@BOOK {
    SB98,
    AUTHOR = "R. Sutton and A. Barto",
    TITLE = "Reinforcement Learning : an Introduction",
    YEAR = 1998,
    PUBLISHER = "MIT Press",
    }

@INPROCEEDINGS {
    PAA98,
    AUTHOR = "S. Prabhakar and D. Agrawal and A. El Abbadi",
    TITLE = "Efficient Disk Allocation for Fast Similarity Searching",
    YEAR = 1998,
    BOOKTITLE = "Proc. ACM SPAA'98",
    ADDRESS = "Puerto Vallarta, Mexico"
    }

@ARTICLE {
    Sha77,
    AUTHOR = "M. Shapiro",
    TITLE = "The choice of reference points in best-match file searching",
    JOURNAL = "Comm. of the ACM",
    VOLUME = 20,
    NUMBER = 5,
    YEAR = 1977,
    PAGES = "339--343",
    }

@BOOK {
        SK83,
        TITLE = "Time Warps, String Edits, and Macromolecules: the Theory and
         Practice of Sequence Comparison",
        EDITOR = "D. Sankoff and J. Kruskal",
        PUBLISHER = "Addison-Wesley",
        YEAR = 1983,
        }

@BOOK {
        SM83,
        AUTHOR = "G. Salton and M. McGill",
        TITLE = "Introduction to Modern Information Retrieval",
        PUBLISHER = "McGraw-Hill",
        YEAR = 1983,
        }

@ARTICLE {
    SW90,
    AUTHOR = "D. Sasha and T. Wang",
    TITLE = "New techniques for best-match retrieval",
    JOURNAL = "ACM Trans. on Information Systems",
    VOLUME = 8,
    NUMBER = 2,
    YEAR = 1990,
    PAGES = "140--158",
    }

@UNPUBLISHED {
    Uhl91a,
    AUTHOR = "J. Uhlmann",
    TITLE = "Implementing metric trees to satisfy general
         proximity/similarity queries",
    YEAR = 1991,
    NOTE = "Manuscrito",
    }

@ARTICLE {
    Uhl91b,
    AUTHOR = "J. Uhlmann",
    TITLE = "Satisfying general proximity/similarity queries with metric
         trees",
    JOURNAL = "Information Processing Letters",
    VOLUME = 40,
    YEAR = 1991,
    PAGES = "175--179",
    }

@BOOK {
        Wat95,
        AUTHOR = "M. Waterman",
        TITLE = "Introduction to Computational Biology",
        PUBLISHER = "Chapman and Hall",
        YEAR = 1995,
        }

@TECHREPORT {
    WJ96,
    AUTHOR = "D. White and R. Jain",
    TITLE = "Algorithms and strategies for similarity retrieval",
    NUMBER = "VCL-96-101",
    INSTITUTION = "Visual Computing Laboratory, University of California",
    ADDRESS = "La Jolla, California",
    MONTH = jul,
    YEAR = 1996
    }

@INBOOK {
    Yao90,
    AUTHOR = "A. Yao",
    TITLE = "Computational Geometry",
    YEAR = 1990,
    CHAPTER = 7,
    PAGES = "345--380",
    PUBLISHER = "Elsevier Science",
    NOTE = "J. Van Leeuwen, editor",
    }

@INPROCEEDINGS {
    Yia00,
    AUTHOR = "P. Yianilos",
    TITLE = "Locally Lifting the Curse of Dimensionality for
         Nearest Neighbor Search",
    BOOKTITLE = "Proc. 11th ACM-SIAM Symposium on Discrete Algorithms
             (SODA'00)",
    YEAR = 2000
    }



@ARTICLE{Bentley77,
  AUTHOR = {Jerome H. Friedman and Jon L. Bentley and Raphael A. Finkel},
  TITLE = {An Algorithm for Finding Best Matches in Logarithmic Expected Time},
  YEAR = 1977,
  JOURNAL = {ACM Trans. on Math. Soft.},
  VOLUME = 3,
  PAGES = {209-226},
  NUMBER = 3,
}

@ARTICLE{Dobkin74,

  AUTHOR = {David Dobkin and Richard J. Lipton},

  TITLE = {Multidimensional Searching Problems},

  YEAR = 1976,

  JOURNAL = {SIAM J. Comput.},

  VOLUME = 5,

  PAGES = {181-186},

  NUMBER = 2,

}

@ARTICLE{Farag91,

  AUTHOR = {A. Farag\'{o} and T. Linder and G. Lugosi},

  TITLE = {Nearest Neighbor Search And Classification in $O(1)$ Time},

  YEAR = 1991,

  JOURNAL = {Problems of Control and Information Theory},

  VOLUME = 20,

  PAGES = {383-395},

  NUMBER = 6,

}

@ARTICLE{NNClasif,
  AUTHOR = {Abdelhamid Djouadi and Essaid Bouktache},
  TITLE = {A Fast Algorithm for the Nearest-Neighbor Classifier},
  YEAR = 1997,
  JOURNAL = {IEEE Pattern Analysis and Machine Intelligence},
  VOLUME = 19,
  PAGES = {277-281},
  NUMBER = 3,
}

@ARTICLE {larsen86,

  AUTHOR = {Soren Larsen and Laveen Kanal},

  TITLE = {Analysis of k-nearest neighbor branch and bound rules},

  JOURNAL = {Pattern recognition letters},

  NUMBER = 4,

  YEAR = 1986,

  PAGES = {71-77}

}



@INPROCEEDINGS{vailaya98,

  AUTHOR = {A. Vailaya and A. Jain and H.J. Zhang},

  TITLE = {On image classification: city vs. landscape},

  YEAR = 1998,

  PAGES = {3-8},

  BOOKTITLE = {Proceedings IEEE workshop on content-based access of image

      and video libraries. Santa Barbara, California. 1998},

  PUBLISHER = {IEEE Computer Society},

}
@INPROCEEDINGS{shek98,
  AUTHOR = {E.C. Shek and A. Vellaikal and S.K. Dao and B. Perry},
  TITLE = {Semantic agents for content-based discovery in distributed
           image libraries},
  YEAR = 1998,
  PAGES = {19-23},
  BOOKTITLE = {Proceedings IEEE workshop on content-based access of image
          and video libraries. Santa Barbara, California. 1998},
  PUBLISHER = {IEEE Computer Society},
}

@TECHREPORT{bozkaya,

  AUTHOR = { T. Bozkaya and N. Yazdani and M. Ozsoyoglu},

  TITLE = {Matching and indexing sequences of different lengths},

  institution = {Department of computer engineering and science,

                 Case Western Reserve University, Cleveland, Ohio},

}

@TECHREPORT{HS02,
  AUTHOR = "G. Hjaltason and H. Samet",
  TITLE = "Incremental similarity search in multimedia databases",
  YEAR = "2000",
  MONTH = "November",
  INSTITUTION = "Department of Computer Science, University of Maryland",
  NUMBER = "TR 4199",
}

@ARTICLE
        { CNipl02,
          AUTHOR = "E. Ch{\'a}vez and {G.} Navarro",
          TITLE = "Probabilistic Proximity Search: Fighting the Curse of
                   Dimensionality in Metric Spaces",
          JOURNAL = "Information Processing Letters",
          NOTE = "Versi\'on preliminar en {\em ALENEX'01}, LNCS 2153",
          PAGES = "65--70",
          YEAR = 2002
        }

@ARTICLE{
        NavVLDB02,
        AUTHOR = "{G.} Navarro",
        JOURNAL = "The Very Large Databases Journal (VLDBJ)",
        TITLE = "Searching in metric spaces by spatial approximation",
        YEAR = "2002",
        NOTE = "Por aparecer. Versi{\'o}n anterior en SPIRE'99, IEEE CS Press"
    }


@BOOK{
    PRE85,
    AUTHOR= "F. P. Preparata and M. Ian Shamos",
    TITLE= "Computational Geometry, An Introduction",
    PUBLISHER= "Springer-Verlag",
    YEAR= 1985,
        PAGE = "222",
}


%*************************************************
@inproceedings{DAC,
  author    = {Nieves R. Brisaboa and
               Susana Ladra and
               Gonzalo Navarro},
  title     = {Directly Addressable Variable-Length Codes},
  booktitle = {SPIRE},
  year      = {2009},
  pages     = {122-130},
  ee        = {http://dx.doi.org/10.1007/978-3-642-03784-9_12},
  bibsource = {DBLP, http://dblp.uni-trier.de}
}




@INPROCEEDINGS {
        cacic10,
        TITLE = "Representaci\'on en Memoria Secundaria del Trie de Sufijos",
        AUTHOR = "D. Ruano and N. Herrera and C. Ruano and A. Villegas",
         BOOKTITLE = "Actas del XVI Congreso Argentino de Ciencias de la
                     Computaci\'on",
        ADDRESS = "Buenos Aires ",
        YEAR = "2010",
              }


@INPROCEEDINGS {
        surveytrie,
        AUTHOR = "M. Barsky *, U. Stege, A. Thomo",
        TITLE = "A survey of practical algorithms for suffix tree construction in external memory",
        BOOKTITLE = {Software: Practice and Experience},
    ADDRESS = "",
        YEAR = 2010,
        }


@INPROCEEDINGS {
        clei09,
        AUTHOR = "N. Herrera and {G.} Navarro",
        TITLE = "{\'A}rboles de Sufijos Comprimidos en Memoria Secundaria",
        BOOKTITLE = {Proc. XXXV Latin American Conference on 
Informatics (CLEI)},
    ADDRESS = "Pelotas, Brazil",
        YEAR = 2009,
        }
 @inproceedings{SBT-Range,
 author = {Chien,, Yu-Feng and Hon,, Wing-Kai and Shah,, Rahul and Vitter,, Jeffrey Scott},
 title = {Geometric Burrows-Wheeler Transform: Linking Range Searching and Text Indexing},
 booktitle = {DCC '08: Proceedings of the Data Compression Conference},
 year = {2008},
 isbn = {978-0-7695-3121-2},
 pages = {252--261},
 publisher = {IEEE Computer Society},
 address = {Washington, DC, USA},
 }

@inproceedings{
  BranchAlg,
  author    = {J. Na and
               K. Park},
  title     = {Simple Implementation of String B-Trees.},
  booktitle = {SPIRE},
  year      = {2004},
  pages     = {214-215},
  crossref  = {spire2004},
  bibsource = {DBLP, http://dblp.uni-trier.de}
}

@proceedings{
  spire2004,
  editor    = {Alberto Apostolico and
               Massimo Melucci},
  title     = {String Processing and Information Retrieval, 11th International
               Conference, SPIRE 2004, Padova, Italy, October 5-8, 2004,
               Proceedings},
  booktitle = {SPIRE},
  publisher = {Springer},
  series    = {Lecture Notes in Computer Science},
  volume    = {3246},
  year      = {2004},
  isbn      = {3-540-23210-9},
  bibsource = {DBLP, http://dblp.uni-trier.de}
}

@article{ssaMakNav,
 author = {V. M\"{a}kinen and {G.} Navarro},
 title = {Succinct suffix arrays based on run-length encoding},
 journal = {Nordic J. of Computing},
 volume = {12},
 number = {1},
 year = {2005},
 issn = {1236-6064},
 pages = {40--66},
 publisher = {Publishing Association Nordic Journal of Computing},
 address = {, Finland},
 }

@inproceedings{moffat-larsson99,
 author = {N. Jesper Larsson and Alistair Moffat},
 title = {Offline Dictionary-Based Compression},
 booktitle = {DCC '99: Proceedings of the Conference on Data Compression},
 year = {1999},
 isbn = {0-7695-0096-X},
 pages = {296},
 publisher = {IEEE Computer Society},
 address = {Washington, DC, USA},
 }

@article{ferraginaSTC,
 author = {Martin Farach-Colton and Paolo Ferragina and S. Muthukrishnan},
 title = {On the sorting-complexity of suffix tree construction},
 journal = {J. ACM},
 volume = {47},
 number = {6},
 year = {2000},
 issn = {0004-5411},
 pages = {987--1011},
 doi = {http://doi.acm.org/10.1145/355541.355547},
 publisher = {ACM},
 address = {New York, NY, USA},
 }

@article{MunroRaman,
 author = {J. Ian Munro and Venkatesh Raman},
 title = {Succinct Representation of Balanced Parentheses and Static Trees},
 journal = {SIAM J. Comput.},
 volume = {31},
 number = {3},
 year = {2001},
 issn = {0097-5397},
 pages = {762--776},
 publisher = {Society for Industrial and Applied Mathematics},
 address = {Philadelphia, PA, USA},
 }

@INPROCEEDINGS
        { GNcpm07.1,
          TITLE = "Compressed Text Indexes with Fast Locate",
          AUTHOR = "R. Gonz\'alez and {G.} Navarro",
          BOOKTITLE = {Proc. 18th Annual Symposium on Combinatorial Pattern Matching (CPM)},
          SERIES = "LNCS 4580",
          YEAR = 2007,
      PAGES = "216--227"
        }
@INPROCEEDINGS{
        GNiwoca07.1,
        AUTHOR = "R. Gonz\'alez and {G.} Navarro",
    TITLE = "A Compressed Text Index on Secondary Memory",
        BOOKTITLE = {Proc. 18th International Workshop on Combinatorial Algorithms (IWOCA)},
        YEAR = "2007",
        PUBLISHER = "College Publications, UK",
    PAGES = "80--91"
    }

@INBOOK {
    MN07encyc.1,
    TITLE = "Compressed Text Indexing",
    BOOKTITLE = "Encyclopedia of Algorithms",
    AUTHOR = "V. M{\"a}kinen and {G.} Navarro",
    EDITOR = "M.-Y. Kao",
    PUBLISHER = "Springer",
    YEAR = 2008,
    PAGES = "176--178"
    }

@INPROCEEDINGS{
        BGNPRspire08,
        AUTHOR = "N. Brisaboa and A. Fari{\~na} and {G. } Navarro and
          A. Places and E. Rodr{\'{\i}}guez",
    TITLE = "Self-Indexing Natural Language",
        BOOKTITLE = {Proc. 15th International Symposium on String Processing and Information Retrieval (SPIRE)},
        YEAR = "2008",
    SERIES = "LNCS",
        PUBLISHER = "Springer",
    }

@article{manzini01,
 author = {G. Manzini},
 title = {An analysis of the Burrows---Wheeler transform},
 journal = {J. ACM},
 volume = {48},
 number = {3},
 year = {2001},
 issn = {0004-5411},
 pages = {407--430},
 publisher = {ACM},
 address = {New York, NY, USA},
 }

@INPROCEEDINGS
        { ANcpm07.2,
          TITLE = "A Lempel-Ziv Text Index on Secondary Storage",
          AUTHOR = "D. Arroyuelo and {G.} Navarro",
          BOOKTITLE = {Proc. 18th Annual Symposium on Combinatorial Pattern Matching (CPM)},
          SERIES = "LNCS 4580",
          YEAR = 2007,
      PAGES = "83--94"
        }

@INPROCEEDINGS 
        { MNSisaac04,
          TITLE = "Advantages of Backward Searching - Efficient Secondary 
           Memory and Distributed Implementation of Compressed Suffix 
           Arrays",
          AUTHOR = "V.  M{\"a}kinen and {G.}  Navarro and K. Sadakane",
      BOOKTITLE = "Proc. 15th Annual International Symposium on 
            Algorithms and Computation (ISAAC)",
      PUBLISHER = "Springer",
      SERIES = "LNCS 3341",
          YEAR = "2004",
      PAGES = "681--692"
        }

@inproceedings{sadakane00,
 author = {K. Sadakane},
 title = {Compressed Text Databases with Efficient Query Algorithms Based on the Compressed Suffix Array},
 booktitle = {ISAAC '00: Proceedings of the 11th International Conference on Algorithms and Computation},
 year = {2000},
 isbn = {3-540-41255-7},
 pages = {410--421},
 publisher = {Springer-Verlag},
 address = {London, UK},
 }

@article{sadakane03,
 author = {K. Sadakane},
 title = {New text indexing functionalities of the compressed suffix arrays},
 journal = {J. Algorithms},
 volume = {48},
 number = {2},
 year = {2003},
 issn = {0196-6774},
 pages = {294--313},
 publisher = {Academic Press, Inc.},
 address = {Duluth, MN, USA},
 }


@article{fmmn07,
 author = {P. Ferragina and G. Manzini and V. M\"{a}kinen and {G.} Navarro},
 title = {Compressed representations of sequences and full-text indexes},
 journal = {ACM Trans. Algorithms},
 volume = {3},
 number = {2},
 year = {2007},
 issn = {1549-6325},
 pages = {20},
 publisher = {ACM},
 address = {New York, NY, USA}
 }

@article{fm05,
 author = {P. Ferragina and {G.} Manzini},
 title = {Indexing compressed text},
 journal = {J. ACM},
 volume = {52},
 number = {4},
 year = {2005},
 issn = {0004-5411},
 pages = {552--581},
 publisher = {ACM},
 address = {New York, NY, USA}
 }


@article{nm07,
 author = {{G.} Navarro and V. M\"{a}kinen},
 title = {Compressed full-text indexes},
 journal = {ACM Computing Surveys },
 volume = {39},
 number = {1},
 year = {2007},
 issn = {0360-0300},
 pages = {2},
 publisher = {ACM},
 address = {New York, NY, USA}
}

@inproceedings{ grossi-highorder,
  author = "R. Grossi and A. Gupta and J. Vitter",
  title = "High-Order Entropy-Compressed Text Indexes",
  booktitle = "Proc. 14th Annual ACM-SIAM Symp. on Discrete Algorithms (SODA'03)",
  pages = "841--850",
   isbn = {0-89871-538-5},
  YEAR =2003
}

@ARTICLE {
    navarrojda03,
    TITLE = "Indexing Text using the Ziv-Lempel Trie",
    AUTHOR = " {G.}  Navarro",
    JOURNAL = "Journal of Discrete Algorithms (JDA)",
    YEAR = 2004,
    PUBLISHER = "Elsevier Science",
    VOLUME = 2,
    NUMBER = 1,
    PAGES = "87--114"
    }


@article{vitter99,
 author = {J. Vitter},
 title = {External memory algorithms and data structures: Dealing with Massive Data},
 journal={ACM Computing Surveys},
 year = {2001},
 pages = {209--271},
 Volume="33(2)"
  }


@INPROCEEDINGS {
    rank,
    AUTHOR = "R. Raman and V. Raman and S. Rao",
    TITLE = "Succinct indexable dictionaries with applications to encoding 
            k-ary Trees and multisets",
    BOOKTITLE = "Proc. SODA ",
    YEAR = 2002,
    PAGES = "233--242",
    ADDRESS = "",
    PUBLISHER = ""
    }

@article{
    shangTrie,
    AUTHOR="H. Shang",
    TITLE = "Trie Methods for Text and Spatial Data Structure on 
        secondary storage",
    journal = "{P}h{D} Thesis",
    YEAR = 1995,
    PAGES = "",
    ADDRESS = "McGill University",
    PUBLISHER = ""
    }

@INPROCEEDINGS {
    cpt,
    AUTHOR = "D. Clark and I. Munro",
    TITLE = "Efficient suffix tree on secondary storage",
    BOOKTITLE = "Proc. 7th ACM-SIAM Symposium on Discrete Algorithms",
    YEAR = 1996,
    PAGES = "383--391",
    ADDRESS = "",
    PUBLISHER = ""
    }




@article{
    stringbt,
    TITLE="The string {B}-tree: a new data structure for string search
          in external memory and its applications",
    Author="P. Ferragina and R. Grossi",
    journal="Journal of the ACM ",
    Volume="46(2)",
    Year=1999,
    pages="236--280"
}


@article{
    kmp,
    TITLE="Fast Pattern Matching in Strings",
    Author="D. E. Knuth and J. H. Morris and V. R.Pratt",
    journal="SIAM Journal of Computing",
    Volume="6(2)",
    Year=1977,
    pages="323--350"
}

@article{
    bomo,
    TITLE="A Fast String Searching Algorithm ",
    Author="R. S. Boyer and J. S. Moore",
    journal="Communications of the ACM ",
    Volume="20(10)",
    Year=1977,
    pages="762--772"
}

@article{
    li,
    TITLE="Access methods for text",
    Author="C. Faloutsos",
    journal="Computing Surveys",
    Volume="17(1)",
    Year=1985,
    pages="49--74"
}

@article{
    prefixbt,
    TITLE="Prefix {B}-Trees",
    Author="R. Bayer and K. Unteraurer",
    journal="ACM Trans. Database System",
    Volume="",
    Year=1977,
    pages="11-26"
}

@article{
    pattree,
    TITLE="{PATRICIA}-Practical Algorithm to retrieve information coded in 
           alphanumeric",
    Author="D.R. Morrison",
    journal="Journal of Association for Computing Machinery",
    Volume="15(4)",
    Year=1968,
    pages="514--524"
}


@article{csaMak,
 author = {V. M\"{a}kinen},
 title = {Compact suffix array: a space-efficient full-text index},
 journal = {Fundam. Inf.},
 volume = {56},
 number = {1,2},
 year = {2002},
 issn = {0169-2968},
 pages = {191--210},
 publisher = {IOS Press},
 address = {Amsterdam, The Netherlands, The Netherlands},
 }

@INBOOK { patbaeza,
        TITLE = "New indices for text: {PAT} trees and {PAT} arrays",
        AUTHOR = "G. H. Gonnet and R. Baeza-Yates and T. Snider",
        BOOKTITLE = "Information Retrieval",
        PUBLISHER = "Prentice Hall",
        PAGES = "66--82",
        ADDRESS = "New Jersey",
        YEAR = 1992
    }    
@article{
    sa,
    TITLE="Suffix Arrays: A New Method for on-line String Searches",
    Author="U. Manber and G. Myers",
    journal="SIAM Journal of Computing",
    Volume="22(5)",
    Year=1993,
    pages="935--948"
}

@INPROCEEDINGS {
    st,
    AUTHOR = "P. Weiner",
    TITLE = "Linear Pattern Matching Algorithm",
    BOOKTITLE = "Proc. 14th IEEE Symposium Switching Theory and Automata Theory",
    YEAR = 1973,
    PAGES = "1--11",
    ADDRESS = "",
    PUBLISHER = ""
    }


@BOOK { handbg,
        TITLE = "Handbook of Algorithms and Data Structures",
        AUTHOR = "G. H. Gonnet and R. Baeza-Yates",
        BOOKTITLE = "Handbook of Algorithms and Data Structures",
        PUBLISHER = "Addison-Wesley",
        YEAR = 1991
    }    
                

@article{
    zhan,
    TITLE="Graph Theoretical Methods for Detecting adn Describing Gestalt Clusters",
    Author="Zhan C. T.",
    journal="IEEE Transactions on Computing",
    Volume="C",
    Year=1971,
    pages="68-86"
}

@BOOK { irbook,
        TITLE = "Modern Information Retrieval",
        AUTHOR = "R. Baeza-Yates and B. Ribeiro-Neto",
        BOOKTITLE = "Modern Information Retrieval",
        PUBLISHER = "Addison-Wesley",
        YEAR = 1999
    }                                }

@book{hara69,
author   = "Harary, F",
title    = "Graph Theory",
booktitle="Graph Theory",
publisher="Addison-Wesley, Reading, Mass.",
year     =1969
}


@ARTICLE {
    BKT,
    AUTHOR = "W. Burkhard and R. Keller",
    TITLE = "Some Approaches to Best-Match File Searching",
    JOURNAL = "Comm. of the ACM",
    VOLUME = 16,
    NUMBER = 4,
    YEAR = 1973,
    PAGES = "230--236"
    }


@ARTICLE {
        AUR91,
        AUTHOR = "F. Aurenhammer",
        TITLE = "Voronoi diagrams -- a survey of a fundamental geometric data
                structure",
        JOURNAL = "ACM Computing Surveys",
        VOLUME = 23,
        NUMBER = 3,
        YEAR = 1991
        }


@BOOK {
    Fuk90,
    AUTHOR = "K. Fukunaga",
    TITLE = "Introduction to Statistical Pattern Recognition",
    PUBLISHER = "Academic Press",
    YEAR = 1990,
    EDITION = "2nd"
    }

@BOOK {
    KW78,
    AUTHOR = "J. Kruskal and M. Wish",
    TITLE = "Multidimensional Scaling",
    PUBLISHER = "SAGE Publications",
    ADDRESS = "Beverly Hills",
    YEAR = 1978
    }

@BOOK {
    Mel84,
    AUTHOR = "K. Melhorn",
    TITLE = "Data Structures and Algorithms",
    VOLUME = "III - Multidimensional Searching and Computational Geometry",
    PUBLISHER = "Springer",
        YEAR = 1984
    }

@ARTICLE {
    Sam84,
    AUTHOR = "H. Samet",
    TITLE = "The Quadtree and related Hierarchical Data Structures",
    JOURNAL = "ACM Computing Surveys",
    VOLUME = 16,
    NUMBER = 2,
    PAGES = "187--260",
    YEAR = 1984
    }

@BOOK {
    ABH97,
    AUTHOR = "P. Apers and H. Blanken and M. Houtsma",
    TITLE = "Multimedia Databases in Perspective",
    PUBLISHER = "Springer",
    YEAR = 1997,
    }

@ARTICLE {
    YI99,
    AUTHOR = "A. Yoshitaka and T. Ichikawa",
    TITLE = "A survey on content-based retrieval for multimedia databases",
    JOURNAL = "IEEE Trans. on Knowledge and Data Engineering",
    VOLUME = 11,
    NUMBER = 1,
    YEAR = 1999,
    PAGES = "81--93"
    }

@BOOK {
        BYR99,
        AUTHOR = "R. Baeza-Yates and B. Ribeiro-Neto",
        TITLE = "Modern Information Retrieval",
        PUBLISHER = "Addison-Wesley",
        YEAR = 1999,
        }

@BOOK {
    Chi95,
    AUTHOR = "L. Childs",
    TITLE = "A Concrete Introduction to Higher Algebra",
    YEAR = 1995,
    PUBLISHER = "Springer-Verlag"
    }

@ARTICLE {
    Cla99,
    AUTHOR = "K. Clarkson",
    TITLE = "Nearest neighbor queries in metric spaces",
    JOURNAL = "Discrete Computational Geometry",
    VOLUME = 22,
    NUMBER = 1,
    PAGES = "63--93",
    YEAR = 1999
    }

@INPROCEEDINGS {
    CSS98,
    AUTHOR = "M. La Cascia and S. Sethi and S. Sclaroff",
    TITLE = "Combining textual and visual cues for content-based image
             retrieval on the world wide web",
    BOOKTITLE = "Proc. IEEE Workshop on Content-Based Access of Image and
             Video Libraries",
    YEAR = 1998,
    PAGES = "24--28",
    ADDRESS = "Santa Barbara, California",
    PUBLISHER = "IEEE Computer Society"
    }

@BOOK {
    Dev87,
    AUTHOR = "L. Devroye",
    TITLE = "A Course in Density Estimation",
    YEAR = 1987,
    PUBLISHER = "Birkhauser",
    }

@BOOK {
    DH73,
    AUTHOR = "R. Duda and P. Hart",
    TITLE = "Pattern Classification and Scene Analysis",
    YEAR = 1973,
    PUBLISHER = "Wiley",
    }


@BOOK {
        FBY92,
        EDITOR = "W. Frakes and R. Baeza-Yates",
        TITLE = "Information Retrieval: Data Structures and Algorithms",
        PUBLISHER = "Prentice-Hall",
        YEAR = 1992,
        }

@INPROCEEDINGS {
    Gut84,
    AUTHOR = "A. Guttman",
    TITLE = "R-trees: a dynamic index structure for spatial searching",
    BOOKTITLE = "Proc. ACM SIGMOD International Conference on Management
             of Data",
    YEAR = 1984,
    PAGES = "47--57",
    }

@BOOK {
    HATB95,
    AUTHOR = "J. Hair and R. Anderson and R. Tatham and W. Black",
    TITLE = "Multivariate Data Analysis with Readings",
    PUBLISHER = "Prentice-Hall",
    EDITION = "4th",
    YEAR = 1995
    }

@BOOK {
        SK83,
        TITLE = "Time Warps, String Edits, and Macromolecules: the Theory and
         Practice of Sequence Comparison",
        EDITOR = "D. Sankoff and J. Kruskal",
        PUBLISHER = "Addison-Wesley",
        YEAR = 1983,
        }

@BOOK {
        SM83,
        AUTHOR = "G. Salton and M. McGill",
        TITLE = "Introduction to Modern Information Retrieval",
        PUBLISHER = "McGraw-Hill",
        YEAR = 1983,
        }

@ARTICLE {
    SW90,
    AUTHOR = "D. Sasha and T. Wang",
    TITLE = "New techniques for best-match retrieval",
    JOURNAL = "ACM Trans. on Information Systems",
    VOLUME = 8,
    NUMBER = 2,
    YEAR = 1990,
    PAGES = "140--158",
    }

@BOOK {
        Wat95,
        AUTHOR = "M. Waterman",
        TITLE = "Introduction to Computational Biology",
        PUBLISHER = "Chapman and Hall",
        YEAR = 1995,
        }

@TECHREPORT {
    WJ96,
    AUTHOR = "D. White and R. Jain",
    TITLE = "Algorithms and strategies for similarity retrieval",
    NUMBER = "VCL-96-101",
    INSTITUTION = "Visual Computing Laboratory, University of California",
    ADDRESS = "La Jolla, California",
    MONTH = jul,
    YEAR = 1996
    }

@INBOOK {
    Yao90,
    AUTHOR = "A. Yao",
    TITLE = "Computational Geometry",
    YEAR = 1990,
    CHAPTER = 7,
    PAGES = "345--380",
    PUBLISHER = "Elsevier Science",
    NOTE = "J. Van Leeuwen, editor",
    }

@ARTICLE{Bentley77,
  AUTHOR = {Jerome H. Friedman and Jon L. Bentley and Raphael A. Finkel},
  TITLE = {An Algorithm for Finding Best Matches in Logarithmic Expected Time},
  YEAR = 1977,
  JOURNAL = {ACM Trans. on Math. Soft.},
  VOLUME = 3,
  PAGES = {209-226},
  NUMBER = 3,
}

@ARTICLE{Dobkin74,

  AUTHOR = {David Dobkin and Richard J. Lipton},

  TITLE = {Multidimensional Searching Problems},

  YEAR = 1976,

  JOURNAL = {SIAM J. Comput.},

  VOLUME = 5,

  PAGES = {181-186},

  NUMBER = 2,

}

@INPROCEEDINGS{vailaya98,

  AUTHOR = {A. Vailaya and A. Jain and H.J. Zhang},

  TITLE = {On image classification: city vs. landscape},

  YEAR = 1998,

  PAGES = {3-8},

  BOOKTITLE = {Proceedings IEEE workshop on content-based access of image

      and video libraries. Santa Barbara, California. 1998},

  PUBLISHER = {IEEE Computer Society},

}
@INPROCEEDINGS{shek98,
  AUTHOR = {E.C. Shek and A. Vellaikal and S.K. Dao and B. Perry},
  TITLE = {Semantic agents for content-based discovery in distributed
           image libraries},
  YEAR = 1998,
  PAGES = {19-23},
  BOOKTITLE = {Proceedings IEEE workshop on content-based access of image
          and video libraries. Santa Barbara, California. 1998},
  PUBLISHER = {IEEE Computer Society},
}

@TECHREPORT{bozkaya,

  AUTHOR = { T. Bozkaya and N. Yazdani and M. Ozsoyoglu},

  TITLE = {Matching and indexing sequences of different lengths},

  institution = {Department of computer engineering and science,

                 Case Western Reserve University, Cleveland, Ohio},

}

@BOOK{
    PRE85,
    AUTHOR= "F. P. Preparata and M. Ian Shamos",
    TITLE= "Computational Geometry, An Introduction",
    PUBLISHER= "Springer-Verlag",
    YEAR= 1985,
        PAGE = "222",
}
